<record><leader>00000cas a22000007a 4500</leader><controlfield tag="001">20613592</controlfield><controlfield tag="008">891108d19051907mouwr ne      0    0eng d</controlfield><datafield ind1=" " ind2=" " tag="010"><subfield code="a">sn 89067141 </subfield></datafield><datafield ind1=" " ind2=" " tag="040"><subfield code="a">MQN</subfield><subfield code="b">eng</subfield><subfield code="c">MQN</subfield><subfield code="d">OCLCQ</subfield></datafield><datafield ind1=" " ind2=" " tag="042"><subfield code="a">msc</subfield></datafield><datafield ind1="0" ind2="4" tag="245"><subfield code="a">The Kennett times.</subfield></datafield><datafield ind1=" " ind2=" " tag="260"><subfield code="a">Kennett, Mo. :</subfield><subfield code="b">M. Jay Lovett</subfield></datafield><datafield ind1=" " ind2=" " tag="300"><subfield code="a">v.</subfield></datafield><datafield ind1=" " ind2=" " tag="310"><subfield code="a">Weekly</subfield></datafield><datafield ind1="1" ind2=" " tag="362"><subfield code="a">Began in 1905? Ceased in 1907?</subfield></datafield><datafield ind1=" " ind2=" " tag="588"><subfield code="a">Description based on: Vol. 6, no. 17 (July 21, 1905).</subfield></datafield><datafield ind1=" " ind2=" " tag="752"><subfield code="a">United States</subfield><subfield code="b">Missouri</subfield><subfield code="c">Dunklin</subfield><subfield code="d">Kennett.</subfield></datafield><datafield ind1="0" ind2="0" tag="780"><subfield code="t">Dunklin County mail</subfield><subfield code="w">(DLC)sn 89067140</subfield></datafield></record>